<record><leader>00000cas a2200000 a 4500</leader><controlfield tag="001">16280864</controlfield><controlfield tag="008">870727d18981985fludr ne      0   a0eng  </controlfield><datafield ind1=" " ind2=" " tag="010"><subfield code="a">sn 87062268 </subfield></datafield><datafield ind1=" " ind2=" " tag="040"><subfield code="a">DLC</subfield><subfield code="b">eng</subfield><subfield code="c">DLC</subfield><subfield code="d">NYS</subfield><subfield code="d">FUG</subfield><subfield code="d">DLC</subfield><subfield code="d">OCLCQ</subfield><subfield code="d">DLC</subfield><subfield code="d">UPM</subfield><subfield code="d">DLC</subfield><subfield code="d">FUG</subfield><subfield code="d">OCLCQ</subfield><subfield code="d">OCLCO</subfield><subfield code="d">OCLCQ</subfield><subfield code="d">OCLCF</subfield></datafield><datafield ind1=" " ind2=" " tag="012"><subfield code="i">9603</subfield></datafield><datafield ind1=" " ind2=" " tag="019"><subfield code="a">994400848</subfield></datafield><datafield ind1="1" ind2=" " tag="022"><subfield code="a">1941-109X</subfield><subfield code="l">1941-109X</subfield><subfield code="2">1</subfield></datafield><datafield ind1="1" ind2=" " tag="029"><subfield code="a">AU@</subfield><subfield code="b">000020479457</subfield></datafield><datafield ind1="1" ind2=" " tag="029"><subfield code="a">NZ1</subfield><subfield code="b">16070462</subfield></datafield><datafield ind1=" " ind2=" " tag="042"><subfield code="a">pcc</subfield><subfield code="a">nsdp</subfield></datafield><datafield ind1=" " ind2=" " tag="043"><subfield code="a">n-us-fl</subfield></datafield><datafield ind1="0" ind2="0" tag="050"><subfield code="a">Newspaper</subfield></datafield><datafield ind1=" " ind2="4" tag="222"><subfield code="a">The Pensacola journal</subfield></datafield><datafield ind1="0" ind2="4" tag="245"><subfield code="a">The Pensacola journal.</subfield></datafield><datafield ind1="1" ind2="3" tag="246"><subfield code="a">Daily journal</subfield></datafield><datafield ind1="1" ind2=" " tag="246"><subfield code="i">Issued on Sunday from &lt;1947&gt;-1985 as:</subfield><subfield code="a">Pensacola news-journal</subfield></datafield><datafield ind1=" " ind2=" " tag="260"><subfield code="a">Pensacola, Fla. :</subfield><subfield code="b">Mayes &amp; Co.,</subfield><subfield code="c">-1985.</subfield></datafield><datafield ind1=" " ind2=" " tag="300"><subfield code="a">v. :</subfield><subfield code="b">ill.</subfield></datafield><datafield ind1=" " ind2=" " tag="310"><subfield code="a">Daily,</subfield><subfield code="b">&lt;1947&gt;-1985</subfield></datafield><datafield ind1=" " ind2=" " tag="321"><subfield code="a">Daily (except Monday),</subfield><subfield code="b">&lt;1900-1905&gt;</subfield></datafield><datafield ind1="0" ind2=" " tag="362"><subfield code="a">-88th year, no. 22 (June 2, 1985).</subfield></datafield><datafield ind1="1" ind2=" " tag="362"><subfield code="a">Began in 1898.</subfield></datafield><datafield ind1="1" ind2=" " tag="520"><subfield code="a">In March 1897, the Pensacola (FL) Journal [LCCN: sn87062268] was started as a weekly by M. Loftin. The Pensacola Journal became a daily in 1898. With competition at home in Pensacola, the newspaper's coverage included a large part of Florida. In 1922, the Pensacola Journal was purchased by John H. Perry, who in 1924 purchased the newspaper's rival, the Pensacola (FL) Evening News. For the next six decades, the Pensacola Journal continued to appear mornings and the Pensacola News evenings. Both newspapers remained extremely competitive. A combined Sunday edition published as the Pensacola (FL) News Journal [LCCN sn00059018] also became available. A consolidated newspaper, also known as the Pensacola (FL) News Journal [LCCN sn87062269] continued operations beginning June 3, 1985. This daily continues to this day (ca. 2008). Pensacola, Florida is the seat of government for Escambia County (FL); the western most city in the western most county of Florida. The city sits on Pensacola Bay, connecting to the Gulf of Mexico. Since the early colonial period, Pensacola had been an important naval port and economic center. By 1889, the city was already one of Florida's four largest cities. In 1890, Pensacola numbered 11,750 souls. The big news of 1898 was the beginning of the Spanish American War. Pensacola's Gulf Coast port, like others in Florida, hosted forces bound for Cuba, among them Teddy Roosevelt who passed through Pensacola on his way to Cuba through Tampa. Throughout the first decade of the 20th century, Pensacola experienced tremendous growth. By 1900, Pensacola had grown to 17,747 citizens. And, it increased another thirty percent by 1910, to 22,982 citizens. During the decade, following the Spanish American War, the United States of America secured the peace it had won over the Spanish in the Caribbean through naval patrols and maneuvers based out of Pensacola. From 1908 onward through the mid-century, Pensacola experienced urban expansion. 1908 saw the completion of a new Spanish Renaissance City Hall. 1910 witnessed the completion of the American National Bank building; at 10 stories, Pensacola's first skyscraper. 1910 also marked the construction of the San Carlos Hotel and a wooden bridge across Bayou Texar. By 1912, Pensacola had 21 miles of paved streets. Pensacola's first modern hospital, Pensacola Hospital, opened in 1915. And, in 1916, the city began operating its first motorized fire truck, and, had replaced all of its horse-drawn firefighting equipment by 1924. Since then through World War II, the history of Pensacola has been one of boom and bust. It underwent renewal and renewed growth following World War II.--E. Kesse, University of Florida Digital Library Center.</subfield></datafield><datafield ind1=" " ind2=" " tag="530"><subfield code="a">Also issued on microfilm from Bell &amp; Howell, Micro Photo Division and the University of Florida.</subfield></datafield><datafield ind1=" " ind2=" " tag="530"><subfield code="a">Archived issues are available in digital format as part of the Library of Congress Chronicling America online collection.</subfield></datafield><datafield ind1=" " ind2=" " tag="580"><subfield code="a">Sunday ed.: Pensacola news-journal.</subfield></datafield><datafield ind1=" " ind2=" " tag="580"><subfield code="a">Merged with: Pensacola news and Pensacola news-journal, to form: Pensacola news journal.</subfield></datafield><datafield ind1=" " ind2=" " tag="588"><subfield code="a">Description based on: Vol. 3, no. 147 (Nov. 29, 1900).</subfield></datafield><datafield ind1=" " ind2="0" tag="651"><subfield code="a">Pensacola (Fla.)</subfield><subfield code="v">Newspapers.</subfield></datafield><datafield ind1=" " ind2="0" tag="651"><subfield code="a">Escambia County (Fla.)</subfield><subfield code="v">Newspapers.</subfield></datafield><datafield ind1=" " ind2="7" tag="655"><subfield code="a">Newspapers.</subfield><subfield code="2">fast</subfield><subfield code="0">(OCoLC)fst01423814</subfield></datafield><datafield ind1=" " ind2="7" tag="651"><subfield code="a">Florida</subfield><subfield code="z">Escambia County.</subfield><subfield code="2">fast</subfield><subfield code="0">(OCoLC)fst01215180</subfield></datafield><datafield ind1=" " ind2="7" tag="651"><subfield code="a">Florida</subfield><subfield code="z">Pensacola.</subfield><subfield code="2">fast</subfield><subfield code="0">(OCoLC)fst01206144</subfield></datafield><datafield ind1=" " ind2=" " tag="752"><subfield code="a">United States</subfield><subfield code="b">Florida</subfield><subfield code="c">Escambia</subfield><subfield code="d">Pensacola.</subfield></datafield><datafield ind1="0" ind2="8" tag="776"><subfield code="i">Online version:</subfield><subfield code="t">Pensacola journal</subfield><subfield code="w">(DLC)  2007264070</subfield><subfield code="w">(OCoLC)182978898</subfield></datafield><datafield ind1="1" ind2="7" tag="785"><subfield code="t">Pensacola news-journal (Pensacola, Fla. : Weekly)</subfield><subfield code="w">(DLC)sn 00059018</subfield><subfield code="w">(OCoLC)44271092</subfield></datafield><datafield ind1="1" ind2="7" tag="785"><subfield code="t">Pensacola news</subfield><subfield code="w">(DLC)sn 88074707</subfield><subfield code="w">(OCoLC)18342728</subfield></datafield><datafield ind1="1" ind2="7" tag="785"><subfield code="t">Pensacola news journal (Pensacola, Fla. : Daily)</subfield><subfield code="w">(DLC)sn 87062269</subfield><subfield code="w">(OCoLC)16281143</subfield></datafield><datafield ind1=" " ind2=" " tag="850"><subfield code="a">FU</subfield></datafield><datafield ind1="4" ind2="1" tag="856"><subfield code="u">http://www.loc.gov/chroniclingamerica/lccn/sn87062268/issues</subfield></datafield></record>